[gd_scene load_steps=7 format=2]

[ext_resource path="res://assets/background.png" type="Texture" id=1]
[ext_resource path="res://assets/icons/select folder.png" type="Texture" id=3]
[ext_resource path="res://assets/original.jpg" type="Texture" id=4]
[ext_resource path="res://program manager.gd" type="Script" id=6]
[ext_resource path="res://assets/icons/play arrow.png" type="Texture" id=7]

[sub_resource type="ViewportTexture" id=1]
viewport_path = NodePath("preview panel/video viewport")

[node name="program manager" type="Control"]
anchor_right = 1.0
anchor_bottom = 1.0
size_flags_horizontal = 3
size_flags_vertical = 3
script = ExtResource( 6 )

[node name="preview panel" type="Panel" parent="."]
anchor_right = 1.0
anchor_bottom = 1.0
size_flags_horizontal = 0
size_flags_vertical = 0
__meta__ = {
"_edit_use_anchors_": true
}

[node name="video viewport" type="Viewport" parent="preview panel"]
size = Vector2( 1280, 800 )
size_override_stretch = true
transparent_bg = true
hdr = false

[node name="video player" type="VideoPlayer" parent="preview panel/video viewport"]
margin_right = 1280.0
margin_bottom = 800.0
size_flags_horizontal = 3
size_flags_vertical = 3
autoplay = true
__meta__ = {
"_edit_use_anchors_": false
}

[node name="background" type="TextureRect" parent="preview panel"]
anchor_left = 0.5
anchor_top = 0.5
anchor_right = 0.5
anchor_bottom = 0.5
margin_left = -640.0
margin_top = -360.0
margin_right = 640.0
margin_bottom = 360.0
size_flags_horizontal = 3
size_flags_vertical = 3
texture = ExtResource( 1 )
expand = true
stretch_mode = 6
__meta__ = {
"_edit_use_anchors_": false
}

[node name="video polygon" type="Polygon2D" parent="preview panel/background"]
position = Vector2( 251.73, 271.529 )
antialiased = true
texture = SubResource( 1 )
polygon = PoolVector2Array( 168.737, 117.234, 600.828, 106.246, 586.534, 365.759, 147.395, 359.096 )
uv = PoolVector2Array( 0, 800, 1280, 800, 1280, 0, 0, 0 )

[node name="texture example" type="Polygon2D" parent="preview panel/background"]
visible = false
antialiased = true
texture = ExtResource( 4 )
polygon = PoolVector2Array( 421.5, 389, 853.497, 377.263, 838.175, 636.468, 399.196, 631.351 )
uv = PoolVector2Array( 0, 0, 1280, 0, 1280, 800, 0, 800 )

[node name="load video" type="Button" parent="preview panel"]
visible = false
margin_left = 434.584
margin_top = 490.917
margin_right = 470.584
margin_bottom = 520.917
icon = ExtResource( 3 )
__meta__ = {
"_edit_use_anchors_": false
}

[node name="play button" type="Button" parent="preview panel"]
visible = false
margin_left = 482.783
margin_top = 490.649
margin_right = 518.783
margin_bottom = 520.649
disabled = true
icon = ExtResource( 7 )
__meta__ = {
"_edit_use_anchors_": false
}

[node name="video file name" type="Label" parent="preview panel"]
visible = false
anchor_left = 0.403096
anchor_top = 0.69763
anchor_right = 0.659346
anchor_bottom = 0.717074
margin_left = 26.6968
margin_top = -2.66968
margin_right = -21.3032
margin_bottom = -2.66968
text = "XXXXXXXXXXXXXXXXXXXXXXXXXXXXXXXXXXX"
align = 1
valign = 1
__meta__ = {
"_edit_use_anchors_": true
}

[node name="file dialog" type="FileDialog" parent="."]
anchor_right = 1.0
anchor_bottom = 1.0
rect_min_size = Vector2( 1280, 720 )
size_flags_horizontal = 3
size_flags_vertical = 3
popup_exclusive = true
window_title = "Open a File"
dialog_hide_on_ok = true
mode_overrides_title = false
mode = 0
access = 2
filters = PoolStringArray( "*.webm" )
current_dir = "/home/aaron/Godot/Projects/Deck at Party Meme Generator/deck_at_party_meme_generator"
current_path = "/home/aaron/Godot/Projects/Deck at Party Meme Generator/deck_at_party_meme_generator/"
__meta__ = {
"_edit_use_anchors_": false
}

[connection signal="pressed" from="preview panel/load video" to="." method="_on_load_video_pressed"]
[connection signal="file_selected" from="file dialog" to="." method="_on_file_dialog_file_selected"]
[connection signal="popup_hide" from="file dialog" to="." method="_on_file_dialog_popup_hide"]
